@article{Geissmann:2017ux,
author = {Geissmann, Thomas},
title = {{A probabilistic approach to the computation of the levelized cost of electricity}},
journal = {Energy},
year = {2017},
volume = {124},
pages = {372--381}
}



