
@article{Markowitz:1952tg,
author = {Markowitz, Harry},
title = {{PORTFOLIO SELECTION}},
journal = {Journal of Finance},
year = {1952},
volume = {7},
number = {1},
pages = {77--91}
}

@inproceedings{Merlin:ue,
author = {Merlin, A and Back, H},
title = {{Search for a Minimal-Loss Operating Spanning Tree Configuration in an Urban Power Distribution System}},
booktitle = {Proc. 5th Power System Computation Conference (PSCC)},
year = {1975},
organization = {Cambridge, U.K.}
}

